<?xml version="1.0" encoding="UTF-8"?><collection xmlns="http://www.loc.gov/MARC21/slim"><record><leader>00383nam--2200145-i-4500</leader><controlfield tag="001">000007899</controlfield><controlfield tag="002">20161230</controlfield><controlfield tag="005">20161230201027</controlfield><controlfield tag="008">060222s1000------------r-----000-0-eng-d</controlfield><datafield ind1="1" ind2=" " tag="100"><subfield code="a">Brand, Louis</subfield></datafield><datafield ind1="1" ind2="0" tag="245"><subfield code="a">Differential and difference equations</subfield></datafield><datafield ind1=" " ind2=" " tag="260"><subfield code="a">New York, John Wiley &amp; Sons, Inc., 1966</subfield></datafield><datafield ind1=" " ind2=" " tag="300"><subfield code="a">XVI + 698 P</subfield></datafield><datafield ind1=" " ind2=" " tag="852"><subfield code="a">517.9</subfield><subfield code="c">25065</subfield></datafield><datafield ind1=" " ind2=" " tag="CAT"><subfield code="a">Sys</subfield><subfield code="c">20080930</subfield><subfield code="h">134810</subfield></datafield></record></collection>